%YAML 1.1
%TAG !u! tag:unity3d.com,2011:
--- !u!114 &3004852196284594501
MonoBehaviour:
  m_ObjectHideFlags: 0
  m_CorrespondingSourceObject: {fileID: 0}
  m_PrefabInstance: {fileID: 0}
  m_PrefabAsset: {fileID: 0}
  m_GameObject: {fileID: 7819659174506835714}
  m_Enabled: 1
  m_EditorHideFlags: 0
  m_Script: {fileID: 11500000, guid: f2902496c0120472b90269f94a0aec7e, type: 3}
  m_Name: 
  m_EditorClassIdentifier: 
  Record: 0
  NumStepsToRecord: 5
  DemonstrationName: Standup
  DemonstrationDirectory: Examples
--- !u!1001 &213013859575191415
PrefabInstance:
  m_ObjectHideFlags: 0
  serializedVersion: 2
  m_Modification:
    m_TransformParent: {fileID: 0}
    m_Modifications:
    - target: {fileID: 6902107422946006027, guid: f0d7741d9e06247f6843b921a206b978, type: 3}
      propertyPath: m_RootOrder
      value: 0
      objectReference: {fileID: 0}
    - target: {fileID: 6902107422946006027, guid: f0d7741d9e06247f6843b921a206b978, type: 3}
      propertyPath: m_LocalPosition.x
      value: 0
      objectReference: {fileID: 0}
    - target: {fileID: 6902107422946006027, guid: f0d7741d9e06247f6843b921a206b978, type: 3}
      propertyPath: m_LocalPosition.y
      value: 0
      objectReference: {fileID: 0}
    - target: {fileID: 6902107422946006027, guid: f0d7741d9e06247f6843b921a206b978, type: 3}
      propertyPath: m_LocalPosition.z
      value: 0
      objectReference: {fileID: 0}
    - target: {fileID: 6902107422946006027, guid: f0d7741d9e06247f6843b921a206b978, type: 3}
      propertyPath: m_LocalRotation.w
      value: 1
      objectReference: {fileID: 0}
    - target: {fileID: 6902107422946006027, guid: f0d7741d9e06247f6843b921a206b978, type: 3}
      propertyPath: m_LocalRotation.x
      value: -0
      objectReference: {fileID: 0}
    - target: {fileID: 6902107422946006027, guid: f0d7741d9e06247f6843b921a206b978, type: 3}
      propertyPath: m_LocalRotation.y
      value: -0
      objectReference: {fileID: 0}
    - target: {fileID: 6902107422946006027, guid: f0d7741d9e06247f6843b921a206b978, type: 3}
      propertyPath: m_LocalRotation.z
      value: -0
      objectReference: {fileID: 0}
    - target: {fileID: 6902107422946006027, guid: f0d7741d9e06247f6843b921a206b978, type: 3}
      propertyPath: m_LocalEulerAnglesHint.x
      value: 0
      objectReference: {fileID: 0}
    - target: {fileID: 6902107422946006027, guid: f0d7741d9e06247f6843b921a206b978, type: 3}
      propertyPath: m_LocalEulerAnglesHint.y
      value: 0
      objectReference: {fileID: 0}
    - target: {fileID: 6902107422946006027, guid: f0d7741d9e06247f6843b921a206b978, type: 3}
      propertyPath: m_LocalEulerAnglesHint.z
      value: 0
      objectReference: {fileID: 0}
    - target: {fileID: 6907740118844148851, guid: f0d7741d9e06247f6843b921a206b978, type: 3}
      propertyPath: m_Name
      value: Platform
      objectReference: {fileID: 0}
    m_RemovedComponents: []
  m_SourcePrefab: {fileID: 100100000, guid: f0d7741d9e06247f6843b921a206b978, type: 3}
--- !u!4 &6718791046026642300 stripped
Transform:
  m_CorrespondingSourceObject: {fileID: 6902107422946006027, guid: f0d7741d9e06247f6843b921a206b978, type: 3}
  m_PrefabInstance: {fileID: 213013859575191415}
  m_PrefabAsset: {fileID: 0}
--- !u!1001 &4319033329760911234
PrefabInstance:
  m_ObjectHideFlags: 0
  serializedVersion: 2
  m_Modification:
    m_TransformParent: {fileID: 6718791046026642300}
    m_Modifications:
    - target: {fileID: -8679921383154817045, guid: 8e313047bf66bb94295c54053c960c12, type: 3}
      propertyPath: m_RootOrder
      value: 2
      objectReference: {fileID: 0}
    - target: {fileID: -8679921383154817045, guid: 8e313047bf66bb94295c54053c960c12, type: 3}
      propertyPath: m_LocalScale.x
      value: 3.1473835
      objectReference: {fileID: 0}
    - target: {fileID: -8679921383154817045, guid: 8e313047bf66bb94295c54053c960c12, type: 3}
      propertyPath: m_LocalScale.y
      value: 3.1473837
      objectReference: {fileID: 0}
    - target: {fileID: -8679921383154817045, guid: 8e313047bf66bb94295c54053c960c12, type: 3}
      propertyPath: m_LocalScale.z
      value: 3.1473837
      objectReference: {fileID: 0}
    - target: {fileID: -8679921383154817045, guid: 8e313047bf66bb94295c54053c960c12, type: 3}
      propertyPath: m_LocalPosition.x
      value: 0
      objectReference: {fileID: 0}
    - target: {fileID: -8679921383154817045, guid: 8e313047bf66bb94295c54053c960c12, type: 3}
      propertyPath: m_LocalPosition.y
      value: 0.93
      objectReference: {fileID: 0}
    - target: {fileID: -8679921383154817045, guid: 8e313047bf66bb94295c54053c960c12, type: 3}
      propertyPath: m_LocalPosition.z
      value: 2.29
      objectReference: {fileID: 0}
    - target: {fileID: -8679921383154817045, guid: 8e313047bf66bb94295c54053c960c12, type: 3}
      propertyPath: m_LocalRotation.w
      value: 1
      objectReference: {fileID: 0}
    - target: {fileID: -8679921383154817045, guid: 8e313047bf66bb94295c54053c960c12, type: 3}
      propertyPath: m_LocalRotation.x
      value: 0
      objectReference: {fileID: 0}
    - target: {fileID: -8679921383154817045, guid: 8e313047bf66bb94295c54053c960c12, type: 3}
      propertyPath: m_LocalRotation.y
      value: 0
      objectReference: {fileID: 0}
    - target: {fileID: -8679921383154817045, guid: 8e313047bf66bb94295c54053c960c12, type: 3}
      propertyPath: m_LocalRotation.z
      value: 0
      objectReference: {fileID: 0}
    - target: {fileID: -8679921383154817045, guid: 8e313047bf66bb94295c54053c960c12, type: 3}
      propertyPath: m_LocalEulerAnglesHint.x
      value: 0
      objectReference: {fileID: 0}
    - target: {fileID: -8679921383154817045, guid: 8e313047bf66bb94295c54053c960c12, type: 3}
      propertyPath: m_LocalEulerAnglesHint.y
      value: 0
      objectReference: {fileID: 0}
    - target: {fileID: -8679921383154817045, guid: 8e313047bf66bb94295c54053c960c12, type: 3}
      propertyPath: m_LocalEulerAnglesHint.z
      value: 0
      objectReference: {fileID: 0}
    - target: {fileID: 919132149155446097, guid: 8e313047bf66bb94295c54053c960c12, type: 3}
      propertyPath: m_Name
      value: Reference
      objectReference: {fileID: 0}
    - target: {fileID: 919132149155446097, guid: 8e313047bf66bb94295c54053c960c12, type: 3}
      propertyPath: m_IsActive
      value: 0
      objectReference: {fileID: 0}
    - target: {fileID: 5866666021909216657, guid: 8e313047bf66bb94295c54053c960c12, type: 3}
      propertyPath: m_Controller
      value: 
      objectReference: {fileID: 9100000, guid: 6804a10810b5d934c83ca6d2b11c760e, type: 2}
    m_RemovedComponents: []
  m_SourcePrefab: {fileID: 100100000, guid: 8e313047bf66bb94295c54053c960c12, type: 3}
--- !u!4 &8082451014001342717 stripped
Transform:
  m_CorrespondingSourceObject: {fileID: 5465940246521907071, guid: 8e313047bf66bb94295c54053c960c12, type: 3}
  m_PrefabInstance: {fileID: 4319033329760911234}
  m_PrefabAsset: {fileID: 0}
--- !u!4 &1762069671113949569 stripped
Transform:
  m_CorrespondingSourceObject: {fileID: 2559285840627121667, guid: 8e313047bf66bb94295c54053c960c12, type: 3}
  m_PrefabInstance: {fileID: 4319033329760911234}
  m_PrefabAsset: {fileID: 0}
--- !u!4 &6399310966025623903 stripped
Transform:
  m_CorrespondingSourceObject: {fileID: -2072040086291044643, guid: 8e313047bf66bb94295c54053c960c12, type: 3}
  m_PrefabInstance: {fileID: 4319033329760911234}
  m_PrefabAsset: {fileID: 0}
--- !u!4 &1975066288189792691 stripped
Transform:
  m_CorrespondingSourceObject: {fileID: -6874584590210671055, guid: 8e313047bf66bb94295c54053c960c12, type: 3}
  m_PrefabInstance: {fileID: 4319033329760911234}
  m_PrefabAsset: {fileID: 0}
--- !u!4 &5381576711834439618 stripped
Transform:
  m_CorrespondingSourceObject: {fileID: 8169382868667117632, guid: 8e313047bf66bb94295c54053c960c12, type: 3}
  m_PrefabInstance: {fileID: 4319033329760911234}
  m_PrefabAsset: {fileID: 0}
--- !u!4 &8643131325191991640 stripped
Transform:
  m_CorrespondingSourceObject: {fileID: -3746190272939815206, guid: 8e313047bf66bb94295c54053c960c12, type: 3}
  m_PrefabInstance: {fileID: 4319033329760911234}
  m_PrefabAsset: {fileID: 0}
--- !u!4 &3711380082243803646 stripped
Transform:
  m_CorrespondingSourceObject: {fileID: 608321761475470972, guid: 8e313047bf66bb94295c54053c960c12, type: 3}
  m_PrefabInstance: {fileID: 4319033329760911234}
  m_PrefabAsset: {fileID: 0}
--- !u!4 &3125471732968480646 stripped
Transform:
  m_CorrespondingSourceObject: {fileID: -8021001004253913084, guid: 8e313047bf66bb94295c54053c960c12, type: 3}
  m_PrefabInstance: {fileID: 4319033329760911234}
  m_PrefabAsset: {fileID: 0}
--- !u!4 &4531926956070203373 stripped
Transform:
  m_CorrespondingSourceObject: {fileID: 366175167995203695, guid: 8e313047bf66bb94295c54053c960c12, type: 3}
  m_PrefabInstance: {fileID: 4319033329760911234}
  m_PrefabAsset: {fileID: 0}
--- !u!4 &7759105225882725562 stripped
Transform:
  m_CorrespondingSourceObject: {fileID: -3432401550182100168, guid: 8e313047bf66bb94295c54053c960c12, type: 3}
  m_PrefabInstance: {fileID: 4319033329760911234}
  m_PrefabAsset: {fileID: 0}
--- !u!4 &6712344234593780091 stripped
Transform:
  m_CorrespondingSourceObject: {fileID: -1812909498023395591, guid: 8e313047bf66bb94295c54053c960c12, type: 3}
  m_PrefabInstance: {fileID: 4319033329760911234}
  m_PrefabAsset: {fileID: 0}
--- !u!4 &7047057242270083649 stripped
Transform:
  m_CorrespondingSourceObject: {fileID: 6502182839619065283, guid: 8e313047bf66bb94295c54053c960c12, type: 3}
  m_PrefabInstance: {fileID: 4319033329760911234}
  m_PrefabAsset: {fileID: 0}
--- !u!4 &7644405600431950570 stripped
Transform:
  m_CorrespondingSourceObject: {fileID: -3321919801592875672, guid: 8e313047bf66bb94295c54053c960c12, type: 3}
  m_PrefabInstance: {fileID: 4319033329760911234}
  m_PrefabAsset: {fileID: 0}
--- !u!4 &7545204075987034247 stripped
Transform:
  m_CorrespondingSourceObject: {fileID: 6000407479487422213, guid: 8e313047bf66bb94295c54053c960c12, type: 3}
  m_PrefabInstance: {fileID: 4319033329760911234}
  m_PrefabAsset: {fileID: 0}
--- !u!4 &1757273599784831530 stripped
Transform:
  m_CorrespondingSourceObject: {fileID: 2563496969622287784, guid: 8e313047bf66bb94295c54053c960c12, type: 3}
  m_PrefabInstance: {fileID: 4319033329760911234}
  m_PrefabAsset: {fileID: 0}
--- !u!4 &2469631915210260554 stripped
Transform:
  m_CorrespondingSourceObject: {fileID: 1852576806548013000, guid: 8e313047bf66bb94295c54053c960c12, type: 3}
  m_PrefabInstance: {fileID: 4319033329760911234}
  m_PrefabAsset: {fileID: 0}
--- !u!1001 &5681311896968103654
PrefabInstance:
  m_ObjectHideFlags: 0
  serializedVersion: 2
  m_Modification:
    m_TransformParent: {fileID: 6718791046026642300}
    m_Modifications:
    - target: {fileID: 3631016866778687563, guid: 46734abd0de454192b407379c6a4ab8d, type: 3}
      propertyPath: onCollisionEnterEvent.m_PersistentCalls.m_Calls.Array.size
      value: 1
      objectReference: {fileID: 0}
    - target: {fileID: 3631016866778687563, guid: 46734abd0de454192b407379c6a4ab8d, type: 3}
      propertyPath: onCollisionEnterEvent.m_PersistentCalls.m_Calls.Array.data[0].m_Mode
      value: 1
      objectReference: {fileID: 0}
    - target: {fileID: 3631016866778687563, guid: 46734abd0de454192b407379c6a4ab8d, type: 3}
      propertyPath: onCollisionEnterEvent.m_PersistentCalls.m_Calls.Array.data[0].m_Target
      value: 
      objectReference: {fileID: 443215535079112744}
    - target: {fileID: 3631016866778687563, guid: 46734abd0de454192b407379c6a4ab8d, type: 3}
      propertyPath: onCollisionEnterEvent.m_PersistentCalls.m_Calls.Array.data[0].m_CallState
      value: 2
      objectReference: {fileID: 0}
    - target: {fileID: 3631016866778687563, guid: 46734abd0de454192b407379c6a4ab8d, type: 3}
      propertyPath: onCollisionEnterEvent.m_PersistentCalls.m_Calls.Array.data[0].m_MethodName
      value: TouchedTarget
      objectReference: {fileID: 0}
    - target: {fileID: 3631016866778687563, guid: 46734abd0de454192b407379c6a4ab8d, type: 3}
      propertyPath: onCollisionEnterEvent.m_PersistentCalls.m_Calls.Array.data[0].m_TargetAssemblyTypeName
      value: StandupAgent, Assembly-CSharp
      objectReference: {fileID: 0}
    - target: {fileID: 3631016866778687563, guid: 46734abd0de454192b407379c6a4ab8d, type: 3}
      propertyPath: onCollisionEnterEvent.m_PersistentCalls.m_Calls.Array.data[0].m_Arguments.m_ObjectArgumentAssemblyTypeName
      value: UnityEngine.Object, UnityEngine
      objectReference: {fileID: 0}
    - target: {fileID: 3839136118347789758, guid: 46734abd0de454192b407379c6a4ab8d, type: 3}
      propertyPath: m_RootOrder
      value: 4
      objectReference: {fileID: 0}
    - target: {fileID: 3839136118347789758, guid: 46734abd0de454192b407379c6a4ab8d, type: 3}
      propertyPath: m_LocalPosition.x
      value: 0
      objectReference: {fileID: 0}
    - target: {fileID: 3839136118347789758, guid: 46734abd0de454192b407379c6a4ab8d, type: 3}
      propertyPath: m_LocalPosition.y
      value: 5.600001
      objectReference: {fileID: 0}
    - target: {fileID: 3839136118347789758, guid: 46734abd0de454192b407379c6a4ab8d, type: 3}
      propertyPath: m_LocalPosition.z
      value: 0
      objectReference: {fileID: 0}
    - target: {fileID: 3839136118347789758, guid: 46734abd0de454192b407379c6a4ab8d, type: 3}
      propertyPath: m_LocalRotation.w
      value: 1
      objectReference: {fileID: 0}
    - target: {fileID: 3839136118347789758, guid: 46734abd0de454192b407379c6a4ab8d, type: 3}
      propertyPath: m_LocalRotation.x
      value: 0
      objectReference: {fileID: 0}
    - target: {fileID: 3839136118347789758, guid: 46734abd0de454192b407379c6a4ab8d, type: 3}
      propertyPath: m_LocalRotation.y
      value: 0
      objectReference: {fileID: 0}
    - target: {fileID: 3839136118347789758, guid: 46734abd0de454192b407379c6a4ab8d, type: 3}
      propertyPath: m_LocalRotation.z
      value: 0
      objectReference: {fileID: 0}
    - target: {fileID: 3839136118347789758, guid: 46734abd0de454192b407379c6a4ab8d, type: 3}
      propertyPath: m_LocalEulerAnglesHint.x
      value: 0
      objectReference: {fileID: 0}
    - target: {fileID: 3839136118347789758, guid: 46734abd0de454192b407379c6a4ab8d, type: 3}
      propertyPath: m_LocalEulerAnglesHint.y
      value: 0
      objectReference: {fileID: 0}
    - target: {fileID: 3839136118347789758, guid: 46734abd0de454192b407379c6a4ab8d, type: 3}
      propertyPath: m_LocalEulerAnglesHint.z
      value: 0
      objectReference: {fileID: 0}
    - target: {fileID: 3840539935788495952, guid: 46734abd0de454192b407379c6a4ab8d, type: 3}
      propertyPath: m_Name
      value: DynamicTarget
      objectReference: {fileID: 0}
    - target: {fileID: 3840539935788495952, guid: 46734abd0de454192b407379c6a4ab8d, type: 3}
      propertyPath: m_Layer
      value: 7
      objectReference: {fileID: 0}
    - target: {fileID: 3858402326794362026, guid: 46734abd0de454192b407379c6a4ab8d, type: 3}
      propertyPath: m_UseGravity
      value: 0
      objectReference: {fileID: 0}
    m_RemovedComponents: []
  m_SourcePrefab: {fileID: 100100000, guid: 46734abd0de454192b407379c6a4ab8d, type: 3}
--- !u!4 &8907920932258050904 stripped
Transform:
  m_CorrespondingSourceObject: {fileID: 3839136118347789758, guid: 46734abd0de454192b407379c6a4ab8d, type: 3}
  m_PrefabInstance: {fileID: 5681311896968103654}
  m_PrefabAsset: {fileID: 0}
--- !u!1001 &6983289569637103809
PrefabInstance:
  m_ObjectHideFlags: 0
  serializedVersion: 2
  m_Modification:
    m_TransformParent: {fileID: 6718791046026642300}
    m_Modifications:
    - target: {fileID: 693499830, guid: 765582efd9dda46ed98564603316353f, type: 3}
      propertyPath: targetToLookAt
      value: 
      objectReference: {fileID: 8907920932258050904}
    - target: {fileID: 895268871264836332, guid: 765582efd9dda46ed98564603316353f, type: 3}
      propertyPath: m_LocalPosition.y
      value: -2
      objectReference: {fileID: 0}
    - target: {fileID: 895268871264836332, guid: 765582efd9dda46ed98564603316353f, type: 3}
      propertyPath: m_LocalPosition.z
      value: 0
      objectReference: {fileID: 0}
    - target: {fileID: 895268871264836332, guid: 765582efd9dda46ed98564603316353f, type: 3}
      propertyPath: m_LocalRotation.w
      value: 0.7071068
      objectReference: {fileID: 0}
    - target: {fileID: 895268871264836332, guid: 765582efd9dda46ed98564603316353f, type: 3}
      propertyPath: m_LocalRotation.x
      value: -0.7071068
      objectReference: {fileID: 0}
    - target: {fileID: 895268871264836332, guid: 765582efd9dda46ed98564603316353f, type: 3}
      propertyPath: m_LocalEulerAnglesHint.x
      value: -90
      objectReference: {fileID: 0}
    - target: {fileID: 895268871264836333, guid: 765582efd9dda46ed98564603316353f, type: 3}
      propertyPath: groundContactPenalty
      value: -0.1
      objectReference: {fileID: 0}
    - target: {fileID: 895268871264836333, guid: 765582efd9dda46ed98564603316353f, type: 3}
      propertyPath: agentDoneOnGroundContact
      value: 0
      objectReference: {fileID: 0}
    - target: {fileID: 895268871377934275, guid: 765582efd9dda46ed98564603316353f, type: 3}
      propertyPath: m_Name
      value: WalkerRagdoll
      objectReference: {fileID: 0}
    - target: {fileID: 895268871377934275, guid: 765582efd9dda46ed98564603316353f, type: 3}
      propertyPath: m_IsActive
      value: 1
      objectReference: {fileID: 0}
    - target: {fileID: 895268871377934297, guid: 765582efd9dda46ed98564603316353f, type: 3}
      propertyPath: m_Model
      value: 
      objectReference: {fileID: 0}
    - target: {fileID: 895268871377934297, guid: 765582efd9dda46ed98564603316353f, type: 3}
      propertyPath: m_BehaviorName
      value: Walker
      objectReference: {fileID: 0}
    - target: {fileID: 895268871377934297, guid: 765582efd9dda46ed98564603316353f, type: 3}
      propertyPath: m_BrainParameters.VectorActionSize.Array.data[0]
      value: 40
      objectReference: {fileID: 0}
    - target: {fileID: 895268871377934297, guid: 765582efd9dda46ed98564603316353f, type: 3}
      propertyPath: m_BrainParameters.m_ActionSpec.m_NumContinuousActions
      value: 40
      objectReference: {fileID: 0}
    - target: {fileID: 895268871377934298, guid: 765582efd9dda46ed98564603316353f, type: 3}
      propertyPath: m_RootOrder
      value: 3
      objectReference: {fileID: 0}
    - target: {fileID: 895268871377934298, guid: 765582efd9dda46ed98564603316353f, type: 3}
      propertyPath: m_LocalPosition.x
      value: 0
      objectReference: {fileID: 0}
    - target: {fileID: 895268871377934298, guid: 765582efd9dda46ed98564603316353f, type: 3}
      propertyPath: m_LocalPosition.y
      value: 3
      objectReference: {fileID: 0}
    - target: {fileID: 895268871377934298, guid: 765582efd9dda46ed98564603316353f, type: 3}
      propertyPath: m_LocalPosition.z
      value: -0
      objectReference: {fileID: 0}
    - target: {fileID: 895268871377934298, guid: 765582efd9dda46ed98564603316353f, type: 3}
      propertyPath: m_LocalRotation.w
      value: 1
      objectReference: {fileID: 0}
    - target: {fileID: 895268871377934298, guid: 765582efd9dda46ed98564603316353f, type: 3}
      propertyPath: m_LocalRotation.x
      value: 0
      objectReference: {fileID: 0}
    - target: {fileID: 895268871377934298, guid: 765582efd9dda46ed98564603316353f, type: 3}
      propertyPath: m_LocalRotation.y
      value: 0
      objectReference: {fileID: 0}
    - target: {fileID: 895268871377934298, guid: 765582efd9dda46ed98564603316353f, type: 3}
      propertyPath: m_LocalRotation.z
      value: 0
      objectReference: {fileID: 0}
    - target: {fileID: 895268871377934298, guid: 765582efd9dda46ed98564603316353f, type: 3}
      propertyPath: m_LocalEulerAnglesHint.x
      value: 0
      objectReference: {fileID: 0}
    - target: {fileID: 895268871377934298, guid: 765582efd9dda46ed98564603316353f, type: 3}
      propertyPath: m_LocalEulerAnglesHint.y
      value: 0
      objectReference: {fileID: 0}
    - target: {fileID: 895268871377934298, guid: 765582efd9dda46ed98564603316353f, type: 3}
      propertyPath: m_LocalEulerAnglesHint.z
      value: 0
      objectReference: {fileID: 0}
    - target: {fileID: 5370605450757534090, guid: 765582efd9dda46ed98564603316353f, type: 3}
      propertyPath: m_IsActive
      value: 1
      objectReference: {fileID: 0}
    - target: {fileID: 6359877977706987550, guid: 765582efd9dda46ed98564603316353f, type: 3}
      propertyPath: m_Materials.Array.data[0]
      value: 
      objectReference: {fileID: 0}
    - target: {fileID: 6359877977706987617, guid: 765582efd9dda46ed98564603316353f, type: 3}
      propertyPath: m_LocalPosition.y
      value: -2.564
      objectReference: {fileID: 0}
    - target: {fileID: 6359877977706987617, guid: 765582efd9dda46ed98564603316353f, type: 3}
      propertyPath: m_LocalRotation.w
      value: 1
      objectReference: {fileID: 0}
    - target: {fileID: 6359877977706987617, guid: 765582efd9dda46ed98564603316353f, type: 3}
      propertyPath: m_LocalRotation.x
      value: 0
      objectReference: {fileID: 0}
    - target: {fileID: 6359877977706987617, guid: 765582efd9dda46ed98564603316353f, type: 3}
      propertyPath: m_LocalEulerAnglesHint.x
      value: 0
      objectReference: {fileID: 0}
    - target: {fileID: 7408209125961349353, guid: 765582efd9dda46ed98564603316353f, type: 3}
      propertyPath: rbHip
      value: 
      objectReference: {fileID: 7819659174955737647}
    - target: {fileID: 7408209125961349353, guid: 765582efd9dda46ed98564603316353f, type: 3}
      propertyPath: target
      value: 
      objectReference: {fileID: 8907920932258050904}
    - target: {fileID: 7408209125961349353, guid: 765582efd9dda46ed98564603316353f, type: 3}
      propertyPath: MaxStep
      value: 10
      objectReference: {fileID: 0}
    - target: {fileID: 7408209125961349353, guid: 765582efd9dda46ed98564603316353f, type: 3}
      propertyPath: target_armL
      value: 
      objectReference: {fileID: 7759105225882725562}
    - target: {fileID: 7408209125961349353, guid: 765582efd9dda46ed98564603316353f, type: 3}
      propertyPath: target_armR
      value: 
      objectReference: {fileID: 7545204075987034247}
    - target: {fileID: 7408209125961349353, guid: 765582efd9dda46ed98564603316353f, type: 3}
      propertyPath: target_head
      value: 
      objectReference: {fileID: 7644405600431950570}
    - target: {fileID: 7408209125961349353, guid: 765582efd9dda46ed98564603316353f, type: 3}
      propertyPath: target_hips
      value: 
      objectReference: {fileID: 8082451014001342717}
    - target: {fileID: 7408209125961349353, guid: 765582efd9dda46ed98564603316353f, type: 3}
      propertyPath: target_chest
      value: 
      objectReference: {fileID: 4531926956070203373}
    - target: {fileID: 7408209125961349353, guid: 765582efd9dda46ed98564603316353f, type: 3}
      propertyPath: target_footL
      value: 
      objectReference: {fileID: 1975066288189792691}
    - target: {fileID: 7408209125961349353, guid: 765582efd9dda46ed98564603316353f, type: 3}
      propertyPath: target_footR
      value: 
      objectReference: {fileID: 3711380082243803646}
    - target: {fileID: 7408209125961349353, guid: 765582efd9dda46ed98564603316353f, type: 3}
      propertyPath: target_handL
      value: 
      objectReference: {fileID: 7047057242270083649}
    - target: {fileID: 7408209125961349353, guid: 765582efd9dda46ed98564603316353f, type: 3}
      propertyPath: target_handR
      value: 
      objectReference: {fileID: 2469631915210260554}
    - target: {fileID: 7408209125961349353, guid: 765582efd9dda46ed98564603316353f, type: 3}
      propertyPath: target_shinL
      value: 
      objectReference: {fileID: 6399310966025623903}
    - target: {fileID: 7408209125961349353, guid: 765582efd9dda46ed98564603316353f, type: 3}
      propertyPath: target_shinR
      value: 
      objectReference: {fileID: 8643131325191991640}
    - target: {fileID: 7408209125961349353, guid: 765582efd9dda46ed98564603316353f, type: 3}
      propertyPath: target_spine
      value: 
      objectReference: {fileID: 3125471732968480646}
    - target: {fileID: 7408209125961349353, guid: 765582efd9dda46ed98564603316353f, type: 3}
      propertyPath: target_thighL
      value: 
      objectReference: {fileID: 1762069671113949569}
    - target: {fileID: 7408209125961349353, guid: 765582efd9dda46ed98564603316353f, type: 3}
      propertyPath: target_thighR
      value: 
      objectReference: {fileID: 5381576711834439618}
    - target: {fileID: 7408209125961349353, guid: 765582efd9dda46ed98564603316353f, type: 3}
      propertyPath: target_forearmL
      value: 
      objectReference: {fileID: 6712344234593780091}
    - target: {fileID: 7408209125961349353, guid: 765582efd9dda46ed98564603316353f, type: 3}
      propertyPath: target_forearmR
      value: 
      objectReference: {fileID: 1757273599784831530}
    - target: {fileID: 7408209125961349353, guid: 765582efd9dda46ed98564603316353f, type: 3}
      propertyPath: m_TargetStandUpSpeed
      value: 10
      objectReference: {fileID: 0}
    - target: {fileID: 7933235353030744136, guid: 765582efd9dda46ed98564603316353f, type: 3}
      propertyPath: groundContactPenalty
      value: 0
      objectReference: {fileID: 0}
    - target: {fileID: 7933235353030744136, guid: 765582efd9dda46ed98564603316353f, type: 3}
      propertyPath: penalizeGroundContact
      value: 0
      objectReference: {fileID: 0}
    - target: {fileID: 7933235353030744136, guid: 765582efd9dda46ed98564603316353f, type: 3}
      propertyPath: agentDoneOnGroundContact
      value: 0
      objectReference: {fileID: 0}
    - target: {fileID: 7933235353030744139, guid: 765582efd9dda46ed98564603316353f, type: 3}
      propertyPath: m_ConnectedAnchor.x
      value: -0.7000001
      objectReference: {fileID: 0}
    - target: {fileID: 7933235353030744139, guid: 765582efd9dda46ed98564603316353f, type: 3}
      propertyPath: m_ConnectedAnchor.y
      value: 0.00000023841858
      objectReference: {fileID: 0}
    - target: {fileID: 7933235353030744139, guid: 765582efd9dda46ed98564603316353f, type: 3}
      propertyPath: m_ConnectedAnchor.z
      value: 0.00000011920929
      objectReference: {fileID: 0}
    - target: {fileID: 7933235353041637844, guid: 765582efd9dda46ed98564603316353f, type: 3}
      propertyPath: groundContactPenalty
      value: 0
      objectReference: {fileID: 0}
    - target: {fileID: 7933235353041637844, guid: 765582efd9dda46ed98564603316353f, type: 3}
      propertyPath: penalizeGroundContact
      value: 0
      objectReference: {fileID: 0}
    - target: {fileID: 7933235353041637844, guid: 765582efd9dda46ed98564603316353f, type: 3}
      propertyPath: agentDoneOnGroundContact
      value: 0
      objectReference: {fileID: 0}
    - target: {fileID: 7933235353041637847, guid: 765582efd9dda46ed98564603316353f, type: 3}
      propertyPath: m_ConnectedAnchor.x
      value: -0.70000017
      objectReference: {fileID: 0}
    - target: {fileID: 7933235353041637847, guid: 765582efd9dda46ed98564603316353f, type: 3}
      propertyPath: m_ConnectedAnchor.y
      value: 0.00000023841858
      objectReference: {fileID: 0}
    - target: {fileID: 7933235353041637847, guid: 765582efd9dda46ed98564603316353f, type: 3}
      propertyPath: m_ConnectedAnchor.z
      value: 0.00000011920929
      objectReference: {fileID: 0}
    - target: {fileID: 7933235353195701976, guid: 765582efd9dda46ed98564603316353f, type: 3}
      propertyPath: groundContactPenalty
      value: 0
      objectReference: {fileID: 0}
    - target: {fileID: 7933235353195701976, guid: 765582efd9dda46ed98564603316353f, type: 3}
      propertyPath: penalizeGroundContact
      value: 0
      objectReference: {fileID: 0}
    - target: {fileID: 7933235353195701976, guid: 765582efd9dda46ed98564603316353f, type: 3}
      propertyPath: agentDoneOnGroundContact
      value: 0
      objectReference: {fileID: 0}
    - target: {fileID: 7933235353195701979, guid: 765582efd9dda46ed98564603316353f, type: 3}
      propertyPath: m_ConnectedAnchor.x
      value: 0.5
      objectReference: {fileID: 0}
    - target: {fileID: 7933235353195701979, guid: 765582efd9dda46ed98564603316353f, type: 3}
      propertyPath: m_ConnectedAnchor.y
      value: 0.00000023841858
      objectReference: {fileID: 0}
    - target: {fileID: 7933235353195701979, guid: 765582efd9dda46ed98564603316353f, type: 3}
      propertyPath: m_ConnectedAnchor.z
      value: 0.00000011920929
      objectReference: {fileID: 0}
    - target: {fileID: 7933235353228551180, guid: 765582efd9dda46ed98564603316353f, type: 3}
      propertyPath: m_ConnectedAnchor.x
      value: -0.39999396
      objectReference: {fileID: 0}
    - target: {fileID: 7933235353228551180, guid: 765582efd9dda46ed98564603316353f, type: 3}
      propertyPath: m_ConnectedAnchor.y
      value: -0.3
      objectReference: {fileID: 0}
    - target: {fileID: 7933235353228551180, guid: 765582efd9dda46ed98564603316353f, type: 3}
      propertyPath: m_ConnectedAnchor.z
      value: -0.000000029802322
      objectReference: {fileID: 0}
    - target: {fileID: 7933235353228551181, guid: 765582efd9dda46ed98564603316353f, type: 3}
      propertyPath: groundContactPenalty
      value: -0.1
      objectReference: {fileID: 0}
    - target: {fileID: 7933235353228551181, guid: 765582efd9dda46ed98564603316353f, type: 3}
      propertyPath: agentDoneOnGroundContact
      value: 0
      objectReference: {fileID: 0}
    - target: {fileID: 7933235353240438170, guid: 765582efd9dda46ed98564603316353f, type: 3}
      propertyPath: m_ConnectedAnchor.x
      value: -0.5
      objectReference: {fileID: 0}
    - target: {fileID: 7933235353240438170, guid: 765582efd9dda46ed98564603316353f, type: 3}
      propertyPath: m_ConnectedAnchor.y
      value: 0.00000023841858
      objectReference: {fileID: 0}
    - target: {fileID: 7933235353240438170, guid: 765582efd9dda46ed98564603316353f, type: 3}
      propertyPath: m_ConnectedAnchor.z
      value: 0.00000011920929
      objectReference: {fileID: 0}
    - target: {fileID: 7933235353240438171, guid: 765582efd9dda46ed98564603316353f, type: 3}
      propertyPath: groundContactPenalty
      value: 0
      objectReference: {fileID: 0}
    - target: {fileID: 7933235353240438171, guid: 765582efd9dda46ed98564603316353f, type: 3}
      propertyPath: penalizeGroundContact
      value: 0
      objectReference: {fileID: 0}
    - target: {fileID: 7933235353240438171, guid: 765582efd9dda46ed98564603316353f, type: 3}
      propertyPath: agentDoneOnGroundContact
      value: 0
      objectReference: {fileID: 0}
    - target: {fileID: 7933235353272702552, guid: 765582efd9dda46ed98564603316353f, type: 3}
      propertyPath: groundContactPenalty
      value: 0
      objectReference: {fileID: 0}
    - target: {fileID: 7933235353272702555, guid: 765582efd9dda46ed98564603316353f, type: 3}
      propertyPath: m_ConnectedAnchor.x
      value: 0
      objectReference: {fileID: 0}
    - target: {fileID: 7933235353272702555, guid: 765582efd9dda46ed98564603316353f, type: 3}
      propertyPath: m_ConnectedAnchor.y
      value: -0.50000024
      objectReference: {fileID: 0}
    - target: {fileID: 7933235353272702555, guid: 765582efd9dda46ed98564603316353f, type: 3}
      propertyPath: m_ConnectedAnchor.z
      value: 0
      objectReference: {fileID: 0}
    - target: {fileID: 7933235353655703554, guid: 765582efd9dda46ed98564603316353f, type: 3}
      propertyPath: m_ConnectedAnchor.x
      value: 0
      objectReference: {fileID: 0}
    - target: {fileID: 7933235353655703554, guid: 765582efd9dda46ed98564603316353f, type: 3}
      propertyPath: m_ConnectedAnchor.y
      value: -0.6000006
      objectReference: {fileID: 0}
    - target: {fileID: 7933235353711811616, guid: 765582efd9dda46ed98564603316353f, type: 3}
      propertyPath: groundContactPenalty
      value: 0
      objectReference: {fileID: 0}
    - target: {fileID: 7933235353711811619, guid: 765582efd9dda46ed98564603316353f, type: 3}
      propertyPath: m_ConnectedAnchor.x
      value: 0
      objectReference: {fileID: 0}
    - target: {fileID: 7933235353711811619, guid: 765582efd9dda46ed98564603316353f, type: 3}
      propertyPath: m_ConnectedAnchor.y
      value: -0.50000024
      objectReference: {fileID: 0}
    - target: {fileID: 7933235353711811619, guid: 765582efd9dda46ed98564603316353f, type: 3}
      propertyPath: m_ConnectedAnchor.z
      value: 0
      objectReference: {fileID: 0}
    - target: {fileID: 7933235353713167636, guid: 765582efd9dda46ed98564603316353f, type: 3}
      propertyPath: m_ConnectedAnchor.x
      value: 0.39999396
      objectReference: {fileID: 0}
    - target: {fileID: 7933235353713167636, guid: 765582efd9dda46ed98564603316353f, type: 3}
      propertyPath: m_ConnectedAnchor.y
      value: -0.3
      objectReference: {fileID: 0}
    - target: {fileID: 7933235353713167636, guid: 765582efd9dda46ed98564603316353f, type: 3}
      propertyPath: m_ConnectedAnchor.z
      value: -0.000000029802322
      objectReference: {fileID: 0}
    - target: {fileID: 7933235353713167637, guid: 765582efd9dda46ed98564603316353f, type: 3}
      propertyPath: groundContactPenalty
      value: -0.1
      objectReference: {fileID: 0}
    - target: {fileID: 7933235353713167637, guid: 765582efd9dda46ed98564603316353f, type: 3}
      propertyPath: agentDoneOnGroundContact
      value: 0
      objectReference: {fileID: 0}
    - target: {fileID: 7933235354074184675, guid: 765582efd9dda46ed98564603316353f, type: 3}
      propertyPath: m_Layer
      value: 6
      objectReference: {fileID: 0}
    - target: {fileID: 7933235354074184678, guid: 765582efd9dda46ed98564603316353f, type: 3}
      propertyPath: m_ConnectedAnchor.y
      value: 0.51199996
      objectReference: {fileID: 0}
    - target: {fileID: 7933235354074184679, guid: 765582efd9dda46ed98564603316353f, type: 3}
      propertyPath: agentDoneOnGroundContact
      value: 0
      objectReference: {fileID: 0}
    - target: {fileID: 7933235354616748522, guid: 765582efd9dda46ed98564603316353f, type: 3}
      propertyPath: m_ConnectedAnchor.x
      value: 0.70000017
      objectReference: {fileID: 0}
    - target: {fileID: 7933235354616748522, guid: 765582efd9dda46ed98564603316353f, type: 3}
      propertyPath: m_ConnectedAnchor.y
      value: 0.00000023841858
      objectReference: {fileID: 0}
    - target: {fileID: 7933235354616748522, guid: 765582efd9dda46ed98564603316353f, type: 3}
      propertyPath: m_ConnectedAnchor.z
      value: 0.00000011920929
      objectReference: {fileID: 0}
    - target: {fileID: 7933235354616748523, guid: 765582efd9dda46ed98564603316353f, type: 3}
      propertyPath: groundContactPenalty
      value: 0
      objectReference: {fileID: 0}
    - target: {fileID: 7933235354616748523, guid: 765582efd9dda46ed98564603316353f, type: 3}
      propertyPath: penalizeGroundContact
      value: 0
      objectReference: {fileID: 0}
    - target: {fileID: 7933235354616748523, guid: 765582efd9dda46ed98564603316353f, type: 3}
      propertyPath: agentDoneOnGroundContact
      value: 0
      objectReference: {fileID: 0}
    - target: {fileID: 7933235354652902044, guid: 765582efd9dda46ed98564603316353f, type: 3}
      propertyPath: m_ConnectedAnchor.y
      value: 0.38300008
      objectReference: {fileID: 0}
    - target: {fileID: 7933235354652902044, guid: 765582efd9dda46ed98564603316353f, type: 3}
      propertyPath: m_ConnectedAnchor.z
      value: 0.000000059604645
      objectReference: {fileID: 0}
    - target: {fileID: 7933235354652902044, guid: 765582efd9dda46ed98564603316353f, type: 3}
      propertyPath: m_AngularZLimit.limit
      value: 45.964664
      objectReference: {fileID: 0}
    - target: {fileID: 7933235354652902044, guid: 765582efd9dda46ed98564603316353f, type: 3}
      propertyPath: m_LowAngularXLimit.limit
      value: -85.04585
      objectReference: {fileID: 0}
    - target: {fileID: 7933235354652902044, guid: 765582efd9dda46ed98564603316353f, type: 3}
      propertyPath: m_HighAngularXLimit.limit
      value: 24.356028
      objectReference: {fileID: 0}
    - target: {fileID: 7933235354652902045, guid: 765582efd9dda46ed98564603316353f, type: 3}
      propertyPath: agentDoneOnGroundContact
      value: 0
      objectReference: {fileID: 0}
    - target: {fileID: 7933235354845945066, guid: 765582efd9dda46ed98564603316353f, type: 3}
      propertyPath: m_ConnectedAnchor.y
      value: 0.30500054
      objectReference: {fileID: 0}
    - target: {fileID: 7933235354845945066, guid: 765582efd9dda46ed98564603316353f, type: 3}
      propertyPath: m_ConnectedAnchor.z
      value: 0.00000011920929
      objectReference: {fileID: 0}
    - target: {fileID: 7933235354845945067, guid: 765582efd9dda46ed98564603316353f, type: 3}
      propertyPath: agentDoneOnGroundContact
      value: 0
      objectReference: {fileID: 0}
    - target: {fileID: 7933235354882597209, guid: 765582efd9dda46ed98564603316353f, type: 3}
      propertyPath: m_ConnectedAnchor.x
      value: 0
      objectReference: {fileID: 0}
    - target: {fileID: 7933235354882597209, guid: 765582efd9dda46ed98564603316353f, type: 3}
      propertyPath: m_ConnectedAnchor.y
      value: -0.6000006
      objectReference: {fileID: 0}
    - target: {fileID: 7933235355057813910, guid: 765582efd9dda46ed98564603316353f, type: 3}
      propertyPath: groundContactPenalty
      value: 0
      objectReference: {fileID: 0}
    - target: {fileID: 7933235355057813910, guid: 765582efd9dda46ed98564603316353f, type: 3}
      propertyPath: penalizeGroundContact
      value: 0
      objectReference: {fileID: 0}
    - target: {fileID: 7933235355057813910, guid: 765582efd9dda46ed98564603316353f, type: 3}
      propertyPath: agentDoneOnGroundContact
      value: 0
      objectReference: {fileID: 0}
    - target: {fileID: 7933235355057813929, guid: 765582efd9dda46ed98564603316353f, type: 3}
      propertyPath: m_ConnectedAnchor.x
      value: 0.7000001
      objectReference: {fileID: 0}
    - target: {fileID: 7933235355057813929, guid: 765582efd9dda46ed98564603316353f, type: 3}
      propertyPath: m_ConnectedAnchor.y
      value: 0.00000023841858
      objectReference: {fileID: 0}
    - target: {fileID: 7933235355057813929, guid: 765582efd9dda46ed98564603316353f, type: 3}
      propertyPath: m_ConnectedAnchor.z
      value: 0.00000011920929
      objectReference: {fileID: 0}
    m_RemovedComponents: []
  m_SourcePrefab: {fileID: 100100000, guid: 765582efd9dda46ed98564603316353f, type: 3}
--- !u!1 &7819659174506835714 stripped
GameObject:
  m_CorrespondingSourceObject: {fileID: 895268871377934275, guid: 765582efd9dda46ed98564603316353f, type: 3}
  m_PrefabInstance: {fileID: 6983289569637103809}
  m_PrefabAsset: {fileID: 0}
--- !u!114 &443215535079112744 stripped
MonoBehaviour:
  m_CorrespondingSourceObject: {fileID: 7408209125961349353, guid: 765582efd9dda46ed98564603316353f, type: 3}
  m_PrefabInstance: {fileID: 6983289569637103809}
  m_PrefabAsset: {fileID: 0}
  m_GameObject: {fileID: 7819659174506835714}
  m_Enabled: 1
  m_EditorHideFlags: 0
  m_Script: {fileID: 11500000, guid: ccb0f85f0009540d7ad997952e2aed7b, type: 3}
  m_Name: 
  m_EditorClassIdentifier: 
--- !u!54 &7819659174955737647 stripped
Rigidbody:
  m_CorrespondingSourceObject: {fileID: 895268871264836334, guid: 765582efd9dda46ed98564603316353f, type: 3}
  m_PrefabInstance: {fileID: 6983289569637103809}
  m_PrefabAsset: {fileID: 0}
